@article{Anitha:2024,
	author = {Anitha R and Rajeev R R and Meharuniza Nazeem and Navaneeth S},
	title = {Open-Source OCR Libraries: A Comprehensive Study for Low Resource Languages},
	year = {2024},
	url = {https://aclanthology.org/2024.icon-1.48.pdf}
}

@manual{Betterpath:2023,
	title = {Tesseract Open Source OCR Engine},
	author = {{Betterpath}},
	year = {2023},
	url = {https://github.com/Betterpath/Tesseract}
}

@article{DataCamp:2024,
	author = {{DataCamp}},
	title = {A Comprehensive Tutorial on Optical Character Recognition},
	year = {2024},
	url = {https://www.datacamp.com/tutorial/optical-character-recognition-ocr-in-python-with-pytesseract}
}

@article{GeekyAnts:2023,
	author = {{GeekyAnts}},
	title = {Exploring Optical Character Recognition (OCR): An Experiment with OpenCV and PyTesseract},
	year = {2023},
	url = {https://geekyants.com/blog/exploring-optical-character-recognition-ocr-an-experiment-with-opencv-and-pytesseract}
}

@article{Nutrient:2025,
	author = {{Nutrient.io}},
	title = {Tesseract Python: Extract text from images using Tesseract OCR},
	year = {2025},
	url = {https://www.nutrient.io/blog/how-to-use-tesseract-ocr-in-python/}
}

@misc{Reddit:2023,
	author = {{Reddit Community}},
	title = {Having Trouble with Pytesseract? Let's Find a Solution Together!},
	year = {2023},
	url = {https://www.reddit.com/r/learnpython/comments/1crm7bv/having_trouble_with_pytesseract_lets_find_a/}
}

@article{Restack:2025,
	author = {{Restack}},
	title = {Github Tesseract-OCR Open Source Tools},
	year = {2025},
	url = {https://www.restack.io/p/github-tesseract-ocr-answer-open-source-ai-analytics-tools-cat-ai}
}

@manual{Tesseract:2021,
	title = {Tesseract Python},
	author = {{Tesseract Robotics}},
	year = {2021},
	url = {https://github.com/tesseract-robotics/tesseract_python}
}