%%%%%%%%%%%%%%%%%%%%%%%%%%%
%
% $Autor: <Shivshankar> $
%%%%%%%%%%%%%%%%%%%%%%%%%%%



%%%%%%%%%%%%%%%%%%%%%%%%%%%%%%%%%%%%%%
%  A
%%%%%%%%%%%%%%%%%%%%%%%%%%%%%%%%%%%%%%



@article{Ahn:2023,
	title        = {Research Of Automatic Recognition Of Car License Plates Based On Deep Learning For Convergence Traffic Control System},
	author       = {Ahn, Hyochang and Cho, Han-Jin},
	year         = 2023,
	volume       = 27,
	number       = 3,
	pages        = {1139--1148},
	doi          = {10.1007/s00779-020-01514-z},
	issn         = {1617-4917}
}

@inproceedings{Aljelaw:2022,
	title        = {Detecting License Plate Number Using OCR Technique and Raspberry Pi 4 With Camera},
	author       = {Aljelawy, Qudes Mb and Salman, Tariq M.},
	year         = 2022,
	booktitle    = {2022 2nd International Conference on Computing and Machine Intelligence (ICMI)},
	publisher    = {IEEE},
	pages        = {1--5},
	doi          = {10.1109/ICMI55296.2022.9873776},
	isbn         = {978-1-6654-7483-2}
}

@INPROCEEDINGS{Aashik:2023,
	author={Aashik Mathew, P and Jagarlamudi, Anoohya and Bharathwaj, N and Jaspin, K.},
	booktitle={2023 International Conference on Sustainable Computing and Data Communication Systems (ICSCDS)}, 
	title={Real-Time Number Plate and Helmet Detection of Motorcyclists using YOLOv5 and ResNet-50}, 
	year={2023},
	volume={},
	number={},
	pages={709-715},
	doi={10.1109/ICSCDS56580.2023.10105076}}

@inproceedings{Awalgaonkar:2021,
	title        = {Automatic License Plate Recognition System Using SSD},
	author       = {Awalgaonkar, Ninad and Bartakke, Prashant and Chaugule, Ravindra},
	year         = 2021,
	pages        = {394--399},
	doi          = {10.1109/IRIA53009.2021.9588707}
}

%%%%%%%%%%%%%%%%%%%%%%%%%%%%%%%%%%%%%%
%  K
%%%%%%%%%%%%%%%%%%%%%%%%%%%%%%%%%%%%%%

@inproceedings{Kim:2020,
	title        = {Comparison Of Faster-RCNN, YOLO, And SSD For Real-Time Vehicle Type Recognition},
	author       = {Kim, Jeong-ah and Sung, Ju-Yeong and Park, Se-ho},
	year         = 2020,
	volume       = {},
	number       = {},
	pages        = {1--4},
	doi          = {10.1109/ICCE-Asia49877.2020.9277040}
}

%%%%%%%%%%%%%%%%%%%%%%%%%%%%%%%%%%%%%%
%  S
%%%%%%%%%%%%%%%%%%%%%%%%%%%%%%%%%%%%%%

@article{Sandha:2017,
	author = {Sandha, Somalin and Rana, Debaraj},
	year = {2017},
	title = {Automatic Car Number Plate Recognition System for Authorization},
	pages = {30--34},
	volume = {MCSP2017},
	number = {01},
	journal = {Circulation in Computer Science},
	doi = {10.22632/ccs-2017-mcsp036}
}


@article{Shafi:2022,
	author = {Shafi, Imran and Hussain, Imtiaz and Ahmad, Jamil and Kim, Pyoung Won and Choi, Gyu Sang and Ashraf, Imran and Din, Sadia},
	year = {2022},
	title = {License plate identification and recognition in a non-standard environment using neural pattern matching},
	pages = {3627--3639},
	volume = {8},
	number = {5},
	issn = {2199-4536},
	journal = {Complex {\&} Intelligent Systems},
	doi = {10.1007/s40747-021-00419-5}
}





%%%%%%%%%%%%%%%%%%%%%%%%%%%%%%%%%%%%%%
%  W
%%%%%%%%%%%%%%%%%%%%%%%%%%%%%%%%%%%%%%

@article{Weihong:2020,
	author = {Weihong, Wang and Jiaoyang, Tu},
	year = {2020},
	title = {Research on License Plate Recognition Algorithms Based on Deep Learning in Complex Environment},
	pages = {91661--91675},
	volume = {8},
	journal = {IEEE Access},
	doi = {10.1109/ACCESS.2020.2994287},
	file = {Weihong, Jiaoyang 2020 - Research on License Plate Recognition:Attachments/Weihong, Jiaoyang 2020 - Research on License Plate Recognition.pdf:application/pdf}
}

%%%%%%%%%%%%%%%%%%%%%%%%%%%%%%%%%%%%%%
%  N
%%%%%%%%%%%%%%%%%%%%%%%%%%%%%%%%%%%%%%

@INPROCEEDINGS{Choi:2023,
  author={Choi, Minji and Kim, Hee-Gon and Yoo, Jae-Hyoung and Hong, James Won-Ki},
  booktitle={2023 24st Asia-Pacific Network Operations and Management Symposium (APNOMS)}, 
  title={Network Traffic Prediction and Auto-Scaling of SFC using Temporal Fusion Transformer}, 
  year={2023},
  volume={},
  number={},
  pages={131-136},
  keywords={Service function chaining;Web and internet services;Time series analysis;Telecommunication traffic;Predictive models;Transformers;Prediction algorithms;Temporal Fusion Transformer;Network Traffic Prediction;Auto-Scaling},
  doi={}}

@INPROCEEDINGS{He:2023,
  author={He, Zhiyang and Ding, Ye},
  booktitle={2023 4th International Symposium on Computer Engineering and Intelligent Communications (ISCEIC)}, 
  title={Traffic Spatial-Temporal Transformer for Traffic Prediction}, 
  year={2023},
  volume={},
  number={},
  pages={239-243},
  keywords={Recurrent neural networks;Transformers;Task analysis;traffic prediction;spatial-temporal dependency},
  doi={10.1109/ISCEIC59030.2023.10271152}}

@INPROCEEDINGS{Hu:2021,
  author={Hu, Xiaokang},
  booktitle={2021 3rd International Conference on Machine Learning, Big Data and Business Intelligence (MLBDBI)}, 
  title={Stock Price Prediction Based on Temporal Fusion Transformer}, 
  year={2021},
  volume={},
  number={},
  pages={60-66},
  keywords={Deep learning;Support vector machines;Neural networks;Predictive models;Transformers;Thin film transistors;Numerical models;stock market prediction;machine learning;deep learning;regression analysis;support vector regression;LSTM;transformer;Temporal Fusion Transformer},
  doi={10.1109/MLBDBI54094.2021.00019}}

@INPROCEEDINGS{Jittanon:2023,
  author={Jittanon, Sorawut and Mensin, Yodthong and Termritthikun, Chakkrit},
  booktitle={2023 IEEE International Conference on Cybernetics and Innovations (ICCI)}, 
  title={Intelligent Forecasting of Energy Consumption using Temporal Fusion Transformer model}, 
  year={2023},
  volume={},
  number={},
  pages={1-5},
  keywords={Wind energy generation;Energy consumption;Atmospheric modeling;Wind speed;Predictive models;Benchmark testing;Transformers;Temporal Fusion Transformer;Deep Learning Smart Grid;Energy Consumption;Forecasting},
  doi={10.1109/ICCI57424.2023.10112297}}

@INPROCEEDINGS{Junankar:2023,
  author={Junankar, Tejas and Sondhi, Jasleen Kaur and Nair, Akhil M},
  booktitle={2023 2nd International Conference for Innovation in Technology (INOCON)}, 
  title={Wheat Yield Prediction using Temporal Fusion Transformers}, 
  year={2023},
  volume={},
  number={},
  pages={1-6},
  keywords={Deep learning;Technological innovation;Machine learning algorithms;Time series analysis;Crops;Predictive models;Transformers;Temporal Fusion Transformers;Machine Learning;Deep Learning;Crop Yield Prediction;Time Series Forecasting},
  doi={10.1109/INOCON57975.2023.10101144}}












