@misc{Anitha:2024,
  author = {Anitha R, Rajeev R R, Meharuniza Nazeem, Navaneeth S},
  year = {2024},
  title = {Open-Source OCR Libraries: A Comprehensive Study for Low Resource Languages},
  url = {https://aclanthology.org/2024.icon-1.48.pdf}
}

@misc{Betterpath:2023,
  author = {Betterpath},
  year = {2023},
  title = {Tesseract Open Source OCR Engine},
  url = {https://github.com/Betterpath/Tesseract}
}

@misc{DataCamp:2024,
  author = {DataCamp},
  year = {2024},
  title = {A Comprehensive Tutorial on Optical Character Recognition},
  url = {https://www.datacamp.com/tutorial/optical-character-recognition-ocr-in-python-with-pytesseract}
}

@misc{GeekyAnts:2023,
  author = {GeekyAnts},
  year = {2023},
  title = {Exploring Optical Character Recognition (OCR): An Experiment with OpenCV and PyTesseract},
  url = {https://geekyants.com/blog/exploring-optical-character-recognition-ocr-an-experiment-with-opencv-and-pytesseract}
}

@misc{Nutrient.io:2025,
  author = {Nutrient.io},
  year = {2025},
  title = {Tesseract Python: Extract text from images using Tesseract OCR},
  url = {https://www.nutrient.io/blog/how-to-use-tesseract-ocr-in-python/}
}

@misc{Reddit:2023,
  author = {Reddit Community},
  year = {2023},
  title = {Having Trouble with Pytesseract? Let's Find a Solution Together!},
  url = {https://www.reddit.com/r/learnpython/comments/1crm7bv/having_trouble_with_pytesseract_lets_find_a/}
}

@misc{Restack:2025,
  author = {Restack},
  year = {2025},
  title = {Github Tesseract-OCR Open Source Tools},
  url = {https://www.restack.io/p/github-tesseract-ocr-answer-open-source-ai-analytics-tools-cat-ai}
}

@misc{Tesseract:2021,
  author = {Tesseract Robotics},
  year = {2021},
  title = {Tesseract Python},
  url = {https://github.com/tesseract-robotics/tesseract_python}
}
