
@misc{pdfplumber2022,
  author       = {Jeremy Singer-Vine},
  title        = {pdfplumber: A Python library for extracting and analyzing text and tables from PDFs},
  year         = {2022},
  howpublished = {\url{https://github.com/jsvine/pdfplumber}},
  note         = {Accessed: 2025-01-20}
}

@article{smith2007overview,
  title={An overview of the Tesseract OCR engine},
  author={Smith, Ray},
  journal={Proceedings of the Ninth International Conference on Document Analysis and Recognition (ICDAR)},
  year={2007},
  pages={629--633}
}

@misc{tesseractgit,
  title={Tesseract-OCR GitHub Repository},
  author={Google},
  howpublished={\url{https://github.com/tesseract-ocr/tesseract}},
  year={2025}
}


@misc{tesseractocr,
  title={Tesseract OCR Documentation},
  author={Google},
  howpublished={\url{https://tesseract-ocr.github.io/}},
  year={2025}
}  
  