%%%%%%%%%%%%%%%%%%%%%%%%%%%%%%%%%%%%%%
% A
%%%%%%%%%%%%%%%%%%%%%%%%%%%%%%%%%%%%%%
@article{Ayhan:2024,
  author = {Ayhan, Bulent and Vargo, Erik P. and Tang, Huang},
  year = {2024},
  month = {08},
  pages = {646},
  title = {On the Exploration of Temporal Fusion Transformers for Anomaly Detection with Multivariate Aviation Time-Series Data},
  volume = {11},
  journal = {Aerospace},
  doi = {10.3390/aerospace11080646},
  url = {https://www.mdpi.com/2226-4310/11/8/646}
}

%%%%%%%%%%%%%%%%%%%%%%%%%%%%%%%%%%%%%%
% L
%%%%%%%%%%%%%%%%%%%%%%%%%%%%%%%%%%%%%%
@article{Lim2021,
  author = {Lim, Bryan and Arık, Sercan Ö. and Loeff, Nicolas and Pfister, Tomas},
  year = {2021},
  month = {06},
  title = {Temporal Fusion Transformers for interpretable multi-horizon time series forecasting},
  volume = {37},
  journal = {International Journal of Forecasting},
  doi = {10.1016/j.ijforecast.2021.03.012},
  url = {https://www.sciencedirect.com/science/article/pii/S0169207021000637}
}
