@article{AIHorizonForecast:2023,
  title = {Temporal Fusion Transformer: Time Series Forecasting with Interpretability},
  author = {{AI Horizon Forecast}},
  year = {2023},
  journal = {AI Horizon Forecast Substack},
  url = {https://aihorizonforecast.substack.com/p/temporal-fusion-transformer-time},
  note = {Online blog article}
}

@inproceedings{Chang:2022,
  title = {A Temporal Fusion Transformer for Long-term Explainable Prediction of Emergency Department Overcrowding},
  author = {Chang, Bo-Kai and Lee, Ting-Huan and Chang, Yu-Chuan and Hsu, Wen-Fang and Jan, I-Shiang and Chen, Shyr-Chyr and Hsu, Wen-Jui},
  year = {2022},
  booktitle = {Advances in Neural Information Processing Systems (NeurIPS)},
  publisher = {Neural Information Processing Systems Foundation},
  url = {https://neurips.cc/virtual/2022/61783},
  note = {Conference presentation}
}

@misc{Dehoyos:2022,
  title = {Temporal Fusion Transformer PyTorch Implementation},
  author = {Dehoyos, Bryan},
  year = {2022},
  publisher = {GitHub},
  howpublished = {\url{https://github.com/dehoyosb/temporal_fusion_transformer_pytorch}},
  note = {GitHub repository}
}

@article{Lim:2019,
  title = {Temporal Fusion Transformers for Interpretable Multi-horizon Time Series Forecasting},
  author = {Lim, Bryan and Arik, Sercan Ã–. and Loeff, Nicolas and Pfister, Tomas},
  year = {2019},
  journal = {arXiv preprint},
  volume = {arXiv:1912.09363},
  url = {https://arxiv.org/abs/1912.09363},
  publisher = {arXiv}
}

@manual{PyTorchForecasting:2023,
  title = {PyTorch Forecasting Documentation},
  author = {{PyTorch Forecasting}},
  year = {2023},
  url = {https://pytorch-forecasting.readthedocs.io/},
  note = {Online documentation and tutorial: https://pytorch-forecasting.readthedocs.io/en/stable/tutorials/stallion.html}
}

@inproceedings{WeltonSales:2022,
  title = {Long-Term Time-Series Forecasting Using Neural Networks: A Comparative Study of Temporal Fusion Transformer and DeepAR},
  author = {Welton, Roger and Sales, Thales and Guimaraes, Andre and Loyola, Pedro},
  year = {2022},
  booktitle = {IEEE International Conference on Big Data},
  publisher = {IEEE},
  doi = {10.1109/BigData55660.2022.10020493}
}

@article{Wen:2023,
  title = {Spatio-Temporal Fusion Transformer for Multi-horizon Time Series Forecasting},
  author = {Wen, Qi and Zhou, Liguo and Tian, Shen and Gao, Liang and Yang, Xiaoli},
  year = {2023},
  journal = {IEEE Transactions on Knowledge and Data Engineering},
  volume = {35},
  number = {9},
  pages = {8909--8923},
  publisher = {IEEE},
  doi = {10.1109/TKDE.2023.3261590}
}

@inproceedings{Ye:2021,
  title = {Temporal Fusion Transformer with Yformer Encoder for Time Series Forecasting},
  author = {Ye, Jian and Zhou, Jun and Chen, Jiahai and Wang, Xiaofeng},
  year = {2021},
  booktitle = {International Conference on Machine Learning and Computing},
  publisher = {ACM},
  doi = {10.1145/3457682.3457702}
}